<?xml version="1.0" encoding="UTF-8" ?>
<record Numero="13918985" format="InterXMarc_Complet" type="Authority">
<leader>00669c0 au22000272  45  <Pos Code="0004">00669</Pos>
<Pos Code="05" Sens="notice modifiée">c</Pos>
<Pos Code="06" Sens="notice validée par les services d&apos;autorité">0</Pos>
<Pos Code="08" Sens="notice d&apos;autorité">a</Pos>
<Pos Code="09" Sens="titre uniforme musical (TUM)">u</Pos>
<Pos Code="10">2</Pos>
<Pos Code="11">2</Pos>
<Pos Code="1216">00027</Pos>
<Pos Code="17" Sens="autres cas">2</Pos>
<Pos Code="20">4</Pos>
<Pos Code="21">5</Pos>
</leader>
<controlfield tag="001">FRBNF139189858<Pos Code="0001">FR</Pos>
<Pos Code="0204">BNF</Pos>
<Pos Code="0512">13918985</Pos>
<Pos Code="13">8</Pos>
</controlfield>
<controlfield tag="008">890821070730yy    sy        18410123  184103                 010 <Pos Code="0001">89</Pos>
<Pos Code="0203">08</Pos>
<Pos Code="0405">21</Pos>
<Pos Code="0607">07</Pos>
<Pos Code="0809">07</Pos>
<Pos Code="1011">30</Pos>
<Pos Code="1213" Sens="ne s&apos;applique pas">yy</Pos>
<Pos Code="1820">sy </Pos>
<Pos Code="2831">1841</Pos>
<Pos Code="3233">01</Pos>
<Pos Code="3435">23</Pos>
<Pos Code="3841">1841</Pos>
<Pos Code="4243">03</Pos>
<Pos Code="61" Sens="La vedette peut être liée à une notice bibliographique pour les accès signalétiques et/ou pour l&apos;accès matière RAMEAU">0</Pos>
<Pos Code="62" Sens="La vedette ne peut s&apos;employer qu&apos;en tête de vedette">1</Pos>
<Pos Code="63" Sens="La vedette n&apos;admet pas de subdivision géographique">0</Pos>
</controlfield>
<datafield tag="048" ind1=" " ind2=" ">
	<subfield code="a">oa01<Pos Code="0001" Sens="orchestre - orchestre symphonique XIXe-XXe s.">oa</Pos>
<Pos Code="02">0</Pos>
<Pos Code="03">1</Pos>
</subfield>
</datafield>
<datafield tag="100" ind1=" " ind2=" ">
	<subfield code="3">13899567</subfield>
	<subfield code="w">.0..b.....</subfield>
	<subfield code="a">Schumann</subfield>
	<subfield code="m">Robert</subfield>
	<subfield code="d">1810-1856</subfield>
</datafield>
<datafield tag="144" ind1="1" ind2=" ">
	<subfield code="w">....b.fre.</subfield>
	<subfield code="a">Symphonies</subfield>
	<subfield code="n">No 1</subfield>
	<subfield code="p">Op. 38</subfield>
	<subfield code="t">Si bémol majeur</subfield>
</datafield>
<datafield tag="444" ind1="1" ind2=" ">
	<subfield code="w">....b.ger.</subfield>
	<subfield code="a">Frühlingssymphonie</subfield>
	<subfield code="p">Op. 38</subfield>
</datafield>
<datafield tag="444" ind1="1" ind2=" ">
	<subfield code="w">....b.fre.</subfield>
	<subfield code="a" Barre="3">Le printemps</subfield>
	<subfield code="p">Op. 38</subfield>
	<subfield code="e">Symphonie</subfield>
</datafield>
<datafield tag="502" ind1=" " ind2=" ">
	<subfield code="3">13987212</subfield>
	<subfield code="a">Schumann</subfield>
	<subfield code="m">Robert</subfield>
	<subfield code="d">1810-1856</subfield>
	<subfield code="t">[Symphonies]</subfield>
</datafield>
<datafield tag="600" ind1=" " ind2=" ">
	<subfield code="a">Dédicace à Frédéric-Auguste II, roi de Saxe</subfield>
	<subfield code="a">Date de composition : 23 janvier - avant le 30 mars 1841</subfield>
	<subfield code="a">1re exécution : Leipzig, Gewandhaus, 31 mars 1841</subfield>
</datafield>
<datafield tag="610" ind1=" " ind2=" ">
	<subfield code="a">McCorkle, Schumann</subfield>
</datafield>
<datafield tag="917" ind1=" " ind2=" ">
	<subfield code="o">OPC</subfield>
	<subfield code="a">100488640</subfield>
</datafield>
<datafield tag="917" ind1=" " ind2=" ">
	<subfield code="o">OPD</subfield>
	<subfield code="a">100517690</subfield>
	<subfield code="b">ATUM</subfield>
</datafield>
<datafield tag="996" ind1=" " ind2=" ">
	<subfield code="o">OPP</subfield>
	<subfield code="a">14824845</subfield>
	<subfield code="d">20070730</subfield>
</datafield>
<Alter Ori="13899567">
<datafield tag="400" ind1=" " ind2=" ">
	<subfield code="w">....b.....</subfield>
	<subfield code="a">Schumann</subfield>
	<subfield code="m">Robert Alexander</subfield>
	<subfield code="d">1810-1856</subfield>
</datafield>
</Alter>
<Attr Nom="IDPerenne">ark:/12148/cb13918985z</Attr>
<Attr Nom="NumSource">OPC 100488640</Attr>
<Attr Nom="Source" Sens="BnF catalogue général (depuis 1999)">A</Attr>
<Attr Nom="NumAutoriteLiee">1389956713987212</Attr>
<Attr Nom="DateCreation">21/08/ 1989</Attr>
<Attr Nom="ResponsableCreation">MIGV2</Attr>
<Attr Nom="StructCreation">1</Attr>
<Attr Nom="DateDerniereValidation">10/01/ 2013</Attr>
<Attr Nom="ResponsableDerniereValidation">ADCAT06</Attr>
<Attr Nom="StructPremiereValidation">1</Attr>
<Attr Nom="DatePremiereValidation">21/08/ 1989</Attr>
<Attr Nom="ResponsablePremiereValidation">MIGV2</Attr>
<Attr Nom="StructDerniereValidation">1</Attr>
<Attr Nom="NumSource" Rep="1">OPD 100517690</Attr>
<Attr Nom="NumSource" Rep="2">OPP 14824845</Attr>
</record>
